@ARTICLE{GerrishBlei2011,
	author = {Gerrish, S.~M. and Blei, M.~B.},
	title = {Predicting Legislative Roll Calls from Text},
journal = {Proceedings of the 28th International Conference on Machine Learning},
	year = {2011}}
%	volume = {13},
%	pages = {123-456},
%	number = {52},
%	month = {March},
%	publisher = {Publisher}
